@book{kopka1991latex,
	author = {Kopka, Helmut and Rahtz, Sebastian},
	publisher = {Addison-Wesley},
	title = {LaTeX: Einf\"{u}hrung},
	volume = {2},
	year = {1991}
}

@online{latexKomp,
	lastchecked = {2014-09-14},
	title = {LaTeX-Kompendium -- Wikibooks, Sammlung freier Lehr-, Sach- und Fachb\"{u}cher},
	url = {http://de.wikibooks.org/wiki/LaTeX-Kompendium}
}

@online{quelle,
	lastchecked = {2014-09-01},
	title = {Quellenangabe -- Wikipedia},
	url = {http://de.wikipedia.org/wiki/Quellenangabe#.C3.96sterreich}
}

@online{wiki:quelle,
	author = {Wikipedia},
	lastchecked = {2014-09-14},
	title = {Quellenangabe --- Wikipedia{,} Die freie Enzyklopädie},
	url = {http://de.wikipedia.org/w/index.php?title=Quellenangabe&oldid=131343956}
}

@online{ wiki:zitat,
   author = "Wikipedia",
   title = "Zitat --- Wikipedia{,} Die freie Enzyklopädie",
   url = "http://de.wikipedia.org/w/index.php?title=Zitat&oldid=134064196",
   lastchecked = "2014-09-14"
 }

@online{ris57,
	lastchecked = {2014-09-14},
	title = {Urheberrechtsgesetz},
	url = {http://www.ris.bka.gv.at/Dokumente/Bundesnormen/NOR40041632/NOR40041632.html}
}

@article{dittrich,
	author = {Dittrich, Robert},
	isbn = {3406516831},
	journal = {Urheberrecht im Informationszeitalter. Festschrift f\"{u}r Wilhelm Nordemann.},
	location = {M\"{u}nchen},
	pages = {617--624},
	title = {Zur Quellenangabe bei Zitaten.},
	year = {2004}
}

@online{layout,
  lastchecked = {2014-09-17},
  url = {http://www.siart.de/typografie/latextipps.xhtml#layout},
  title = {LaTeX-Tipps}
}

@online{listingtipp,
  lastchecked = {2014-09-17},
  url = {http://uweziegenhagen.de/?p=1500},
  title={LaTeX: Umlaute in utf8 Listings korrekt ausgeben}
}

@online{hagenberg,
lastchecked = {2016-10-09},
url = {https://github.com/Digital-Media/HagenbergThesis},
title={Hagenberg LaTeX Thesis Template}
}

@online{leitfaden,
lastchecked = { 2018-04-24 },
url = { https://moodle.htl.rennweg.at/MoodleKurs-Matura/HTL_RDP-AP_Leitfaden.pdf },
title = { Reife- und Diplomprüfung, Abschlussprüfung an technischen, gewerblichen und kunstgewerblichen Lehranstalten }
}



@online{django,
lastchecked = { 2020-01-01 },
url = { https://www.djangoproject.com/ },
title = { Die offizielle Django-Website }
}

@online{django-overview,
lastchecked = { 2020-01-01 },
url = { https://www.djangoproject.com/start/overview/ },
title = { Überblick von Django auf der offiziellen Website }
}

@online{django-doku-db,
lastchecked = { 2020-01-01 },
url = { https://docs.djangoproject.com/en/1.8/ref/databases/ },
title = { Django Datenbank-Dokumentation (Django Version 1.8) }
}

@online{django-doku-models,
lastchecked = { 2020-01-01 },
url = { https://docs.djangoproject.com/en/1.8/topics/db/models/ },
title = { Django Datenbank-Modell-Dokumentation (Django Version 1.8) }
}

@online{django-doku-coding-style,
lastchecked = { 2020-01-02 },
url = { https://docs.djangoproject.com/en/dev/internals/contributing/writing-code/coding-style/ },
title = { offizielle Design-Grundlagen der Django-Entwicker }
}

@online{django-doku-models-options,
lastchecked = { 2020-01-01 },
url = { https://docs.djangoproject.com/en/1.8/ref/models/options/ },
title = { Django Model-Options-Dokumentation (Django Version 1.8) }
}

@online{django-doku-class-based-views,
lastchecked = { 2020-01-02 },
url = { https://docs.djangoproject.com/en/1.8/topics/class-based-views/ },
title = { Django Dokumentation von klassenbasierten Views (Django Version 1.8) }
}

@online{django-doku-views,
lastchecked = { 2020-01-02 },
url = { https://docs.djangoproject.com/en/1.8/topics/http/views/ },
title = { Django View-Dokumentation (Django Version 1.8) }
}

@online{django-doku-urls,
lastchecked = { 2020-01-02 },
url = { https://docs.djangoproject.com/en/1.8/topics/http/urls/ },
title = { Django URL-Dokumentation (Django Version 1.8) }
}

@online{django-doku-admin,
lastchecked = { 2020-01-01 },
url = { https://docs.djangoproject.com/en/1.8/ref/contrib/admin/ },
title = { Django Admin-Dokumentation (Django Version 1.8) }
}

@online{django-doku-template,
lastchecked = { 2020-01-01 },
url = { https://docs.djangoproject.com/en/1.8/topics/templates/ },
title = { Django Template-Dokumentation (Django Version 1.8) }
}

@online{django-doku-queries,
lastchecked = { 2020-01-01 },
url = { https://docs.djangoproject.com/en/1.8/topics/db/queries/ },
title = { Django Query-Dokumentation (Django Version 1.8) }
}

@online{django-file-nomenklatur,
lastchecked = { 2020-01-01 },
url = { https://streamhacker.com/2011/01/03/django-application-conventions/ },
title = { Django Dateinamen-Nomenklatur }
}

@online{pyramid,
lastchecked = { 2020-01-01 },
url = { https://trypyramid.com/ },
title = { Die offizielle Pyramid-Website }
}

@online{web2py,
lastchecked = { 2020-01-01 },
url = { http://www.web2py.com/ },
title = { Die offizielle Web2Py-Website }
}

@online{flask,
lastchecked = { 2020-01-01 },
url = { https://palletsprojects.com/p/flask/ },
title = { Die offizielle Flask-Website }
}

@online{ralph,
lastchecked = { 2020-01-01 },
url = { https://ralph.allegro.tech/ },
title = { Die offizielle Website von ``Ralph'' des Unternehmens ``Allegro'' }
}

@online{ralph-demo,
lastchecked = { 2020-01-02 },
url = { https://ralph-demo.allegro.tech/ },
title = { Demo-Webseite des Ralph-Systems von Allegro (Login-Daten: Benutzername: ralph/ Passwort: ralph) }
}

@online{rest-api,
lastchecked = { 2020-01-01 },
url = { https://www.cloudcomputing-insider.de/was-ist-eine-rest-api-a-611116/ },
title = { Internet-Posting über die Funtkion von REST-APIs }
}

@online{django-rest-framework,
lastchecked = { 2020-01-01 },
url = { https://www.django-rest-framework.org/ },
title = { Offizielle Infopage des Django-REST Frameworks }
}

@online{django-rest-framework-pagination,
lastchecked = { 2020-01-02 },
url = { https://docs.djangoproject.com/en/3.0/topics/pagination/ },
title = { Offizielle Dokumentationsseite des Paginierungs-Feature im Django Framework }
}

@online{ralph-api-doku,
lastchecked = { 2020-01-02 },
url = { https://ralph-ng.readthedocs.io/en/stable/development/api/ },
title = { Offizielle Dokumentationsseite der Ralph-API von Allegro }
}

@online{ralph-admin-doku,
lastchecked = { 2020-01-02 },
url = { https://ralph-ng.readthedocs.io/en/stable/development/admin/ },
title = { Offizielle Dokumentationsseite der Ralph Admin-Klasse von Allegro }
}

@online{csrf,
lastchecked = { 2020-01-01 },
url = { https://www.owasp.org/index.php/Cross-Site_Request_Forgery_(CSRF) },
title = { OWASP-Weiseite mit Informationen über CSRF }
}

@online{python-decorators,
lastchecked = { 2020-01-02 },
url = { https://wiki.python.org/moin/PythonDecorators },
title = { offizielle Dokumentationsseite für Python Dekoratoren }
}


@online{cmdb,
lastchecked = { 2020-01-02 },
url = { https://www.datacenter-insider.de/was-ist-eine-configuration-management-database-cmdb-a-743418/ },
title = { Datacenter-Insider Webseite mit Informationen über CMDB }
}

@online{syntax,
lastchecked = { 2020-01-02 },
url = { https://www.duden.de/rechtschreibung/Syntax },
title = { Definition von ``Syntax'' im Duden }
}


